<record><leader>00000cas a22000007a 4500</leader><controlfield tag="001">9899988</controlfield><controlfield tag="008">830912d19121913ksuwr ne      0    0eng d</controlfield><controlfield tag="009">3789</controlfield><datafield ind1=" " ind2=" " tag="010"><subfield code="a">sn 83040572 </subfield></datafield><datafield ind1=" " ind2=" " tag="040"><subfield code="a">KSH</subfield><subfield code="b">eng</subfield><subfield code="c">KSH</subfield><subfield code="d">NPT</subfield></datafield><datafield ind1="1" ind2=" " tag="029"><subfield code="a">AU@</subfield><subfield code="b">000025799767</subfield></datafield><datafield ind1=" " ind2=" " tag="042"><subfield code="a">msc</subfield></datafield><datafield ind1=" " ind2=" " tag="043"><subfield code="a">n-us-ks</subfield></datafield><datafield ind1="0" ind2="4" tag="245"><subfield code="a">The Reserve reporter.</subfield></datafield><datafield ind1=" " ind2=" " tag="260"><subfield code="a">Reserve, Kan. :</subfield><subfield code="b">A.G. Huff,</subfield><subfield code="c">1912-1913.</subfield></datafield><datafield ind1=" " ind2=" " tag="300"><subfield code="a">1 v. :</subfield><subfield code="b">ill. ;</subfield><subfield code="c">55 cm.</subfield></datafield><datafield ind1=" " ind2=" " tag="310"><subfield code="a">Weekly</subfield></datafield><datafield ind1="0" ind2=" " tag="362"><subfield code="a">Vol. 1, no. 2 (Dec. 26, 1912)-first year, no. 27 (June 19, 1913).</subfield></datafield><datafield ind1=" " ind2=" " tag="500"><subfield code="a">Published on Thurs.</subfield></datafield><datafield ind1=" " ind2=" " tag="500"><subfield code="a">Some issues have blank pages.</subfield></datafield><datafield ind1=" " ind2=" " tag="525"><subfield code="a">Supplements accompany some issues.</subfield></datafield><datafield ind1="1" ind2=" " tag="700"><subfield code="a">Huff, A. G.</subfield></datafield><datafield ind1=" " ind2=" " tag="752"><subfield code="a">United States</subfield><subfield code="b">Kansas</subfield><subfield code="c">Brown</subfield><subfield code="d">Reserve.</subfield></datafield><datafield ind1="0" ind2="0" tag="780"><subfield code="t">Reporter (Reserve, Kan.)</subfield><subfield code="w">(DLC)sn 86063701</subfield></datafield><datafield ind1="0" ind2="0" tag="785"><subfield code="t">Hamlin reporter</subfield><subfield code="w">(DLC)sn 83040356</subfield></datafield></record>